
@misc{ajax:approach,
  author = {Garrett, Jesse James},
  title = {Ajax: A New Approach to Web Applications},
  howpublished = {\url{http://www.adaptivepath.com/ideas/essays/archives/000385.php}},
  note = {zuletzt abgerufen am 05.06.2010},
  year = {2005},
  month = {Februar}
}

@misc{couchdb:ibm,
  author = {Lennon, Joe},
  title = {Exploring CouchDB. A document-oriented database for Web applications},
  howpublished = {\url{http://www.ibm.com/developerworks/opensource/library/os-couchdb/index.html}},
  note = {zuletzt abgerufen am 24.06.2010},
  year = {2009},
  month = {März}
}


@misc{couch:couchapp,
  author = {Chesneau, Benoit},
  title = {Couchapp Github Repository},
  howpublished = {\url{http://github.com/couchapp/couchapp}},
  note = {zuletzt abgerufen am 05.06.2010},
  year = {2010}
} 

@misc{couchapp:interview,
  author = {Katz, Damien},
  title = {Interview with Damien Katz – Apache CouchDB},
  howpublished = {\url{http://howsoftwareisbuilt.com/2010/06/18/interview-with-damien-katz-apache-couchdb/}},
  note = {zuletzt abgerufen am 24.06.2010},
  year = {2010},
  month = {Juni}
}

@misc{couchdb:apache,
  author = {{Apache Software Foundation}},
  title = {Graduated from incubation},
  howpublished = {\url{http://incubator.apache.org/projects/}},
  note = {zuletzt abgerufen am 24.06.2010},
  year = {2009}
}

@misc{couch:couchdbx,
  author = {{Lehnardt, Jan; Grosenbach, Geoffrey; Gretar, Jon}},
  title = {CouchDBX Github Repository},
  howpublished = {\url{http://janl.github.com/couchdbx/}},
  note = {zuletzt abgerufen am 05.06.2010},
  year = {2010}
}

@misc{couch:github,
  author = {{Apache Software Foundation}},
  title = {CouchDB Github Repository},
  howpublished = {\url{http://github.com/apache/couchdb}},
  note = {zuletzt abgerufen am 06.06.2010},
  year = {2010}
}

@misc{couch:homepage,
  author = {{Apache Software Foundation}},
  title = {Apache CouchDB: The CouchDB Project},
  howpublished = {\url{http://couchdb.apache.org/}},
  note = {zuletzt abgerufen am 05.06.2010},
  year = {2009}
}

@misc{couch:overview,
  author = {{Apache Software Foundation}},
  title = {Apache CouchDB: Technical Overview},
  howpublished = {\url{http://couchdb.apache.org/docs/overview.html}},
  note = {zuletzt abgerufen am 26.06.2010},
  year = {2009}
}



@misc{couch:installation,
  author = {{CouchDB Wiki}},
  title = {Installation of CouchDB and Dependencies},
  howpublished = {\url{http://wiki.apache.org/couchdb/Installation}},
  note = {zuletzt abgerufen am 05.06.2010},
  year = {2010}
}


@misc{couch:svn,
  author = {{Apache Software Foundation}},
  title = {CouchDB Subversion Repository},
  howpublished = {\url{https://svn.apache.org/repos/asf/couchdb/}},
  note = {zuletzt abgerufen am 06.06.2010},
  year = {2010}
}

@misc{couch:windows,
  author = {{CouchDB Wiki}},
  title = {CouchDB Windows\_binary\_installer},
  howpublished = {\url{http://wiki.apache.org/couchdb/Windows\_binary\_installer}},
  note = {zuletzt abgerufen am 06.06.2010},
  year = {2010}
}


@misc{couchmobile:android,
  author = {Miller, Aaron},
  title = {Android CouchDB releases},
  howpublished = {\url{http://apage43.github.com/}},
  note = {zuletzt abgerufen am 10.06.2010},
  year = {2010}
}

@misc{couchmobile:nokia1,
  author = {{Apestaart, Thomas}},
  title = {Building erlang for the N900},
  howpublished = {\url{http://thomas.apestaart.org/log/?p=1086}},
  note = {zuletzt abgerufen am 10.06.2010},
  year = {2009},
  month = {Dezember}
}

@misc{couchmobile:nokia2,
  author = {{Apestaart, Thomas}},
  title = {desktopcouch on N900},
  howpublished = {\url{http://thomas.apestaart.org/log/?p=1106}},
  note = {zuletzt abgerufen am 10.06.2010},
  year = {2010},
  month = {Januar}
}

@misc{couchmobile:webos,
  author = {Pronschinske, Mitchell},
  title = {CouchDB: Making it Okay to Work Offline},
  howpublished = {\url{http://architects.dzone.com/articles/couchdb-making-it-okay-work}},
  note = {zuletzt abgerufen am 10.06.2010},
  year = {2010},
  month = {Mai}
}

@misc{design:replication,
  author = {{CouchDB Wiki}},
  title = {Designing an application to work with replication},
  howpublished = {\url{http://wiki.apache.org/couchdb/How_to_design_for_replication}},
  note = {zuletzt abgerufen am 12.06.2010},
  year = {2009}
}

@misc{erlang:homepage,
  author = "Ericsson",
  title = "Open Source Erlang",
  year = "2010",
  howpublished = {\url{http://www.erlang.org/}},
  note = {zuletzt abgerufen am 06.06.2010}
}


@misc{etherpad,
  author = "Etherpad Foundation",
  title = "Etherpad - Live Collaborative Text",
  year = "2010",
  howpublished = {\url{http://www.etherpad.org/}},
  note = {zuletzt abgerufen am 07.06.2010}
}

@misc{firebug,
  author = {{Mozilla Foundation}},
  title = "Firebug - Web Development Evolved.",
  year = "2010",
  howpublished = {\url{http://getfirebug.com/}},
  note = {zuletzt abgerufen am 06.06.2010}
}

@misc{firebug:beliebt,
  author = {{IDG BUSINESS MEDIA GMBH}},
  title = "Firebug - ein Muss für Web-Entwickler",
  year = "2010",
  month = {April},
  howpublished = {\url{http://www.computerwoche.de/software/software-infrastruktur/1934278/}},
  note = {zuletzt abgerufen am 09.06.2010}
}


@misc{firebug:haeufig,
  author = {{Mozilla Foundation}},
  title = "Add-ons für Firefox - Beliebte Add-ons",
  howpublished = {\url{https://addons.mozilla.org/de/firefox/browse/type:1/cat:all?sort=popular}},
  note = {zuletzt abgerufen am 09.06.2010}
}

@misc{firebug:stats,
  author = {{Mozilla Foundation}},
  title = "Firebug Statistics",
  howpublished = {\url{https://addons.mozilla.org/en-US/firefox/statistics/addon/1843}},
  note = {zuletzt abgerufen am 09.06.2010}
}


@misc{firefox,
  author = {{Mozilla Foundation}},
  title = {Webbrowser Firefox},
  howpublished = {\url{http://getfirefox.com/}},
  note = {zuletzt abgerufen am 05.06.2010},
  year = {2010}
}


@misc{firefox36,
  author = {{Mozilla Foundation}},
  title = {Firefox 3.6 – Versionshinweise},
  howpublished = {\url{http://www.mozilla-europe.org/de/firefox/3.6/releasenotes/}},
  note = {zuletzt abgerufen am 07.05.2010},
  year = {2010},
  month = {Januar}
}

@misc{github:changesfeed,
  author = {{Apache Github Repository}},
  title = "Apache CouchDB Commit: Show conflicts in changes filters. Patch by Lena Herrmann",
  year = "2010",
  howpublished = {\url{http://github.com/apache/couchdb/commit/5a87b852a72cc36d4d7b64271ed542ce2a1befe0}},
  note = {zuletzt abgerufen am 04.06.2010}
}

@misc{gliederungseditor,
  author = "Wikipedia",
  title = "Gliederungseditor",
  year = "2010",
  howpublished = {\url{http://de.wikipedia.org/w/index.php?title=Gliederungseditor&oldid=74405760}},
  note = {zuletzt abgerufen am 02.06.2010}
}


@misc{html5:browser,
  author = {Smith, David},
  title = {Browser support for CSS3 and HTML5},
  howpublished = {\url{http://www.deepbluesky.com/blog/-/browser-support-for-css3-and-html5_72/}},
  note = {zuletzt abgerufen am 06.06.2010},
  year = "2009",
  month = {November}
}


@misc{html5:data,
  author = {Hickson, Ian},
  title = {HTML5 - A vocabulary and associated APIs for HTML and XHTML - Embedding custom non-visible data},
  howpublished = {\url{http://dev.w3.org/html5/spec/Overview.html#embedding-custom-non-visible-data}},
  note = {zuletzt abgerufen am 06.06.2010},
  year = "2010"
}

@misc{html5:homepage,
  author = {Hickson, Ian},
  title = {HTML5 - A vocabulary and associated APIs for HTML and XHTML},
  howpublished = {\url{http://dev.w3.org/html5/spec/Overview.html}},
  note = {zuletzt abgerufen am 06.06.2010},
  year = "2010"
}



@misc{jira:bulkdelete,
  author = {{Apache Software Foundation}},
  title = "JIRA-Ticket: Add Bulk Deletion to jquery.couch.js",
  year = "2010",
  howpublished = {\url{https://issues.apache.org/jira/browse/COUCHDB-612}},
  note = {zuletzt abgerufen am 04.06.2010}
}

@misc{jira:bulksave,
  author = {{Apache Software Foundation}},
  title = "JIRA-Ticket: Make bulkSave actually save docs",
  year = "2010",
  howpublished = {\url{https://issues.apache.org/jira/browse/COUCHDB-634}},
  note = {zuletzt abgerufen am 04.06.2010}
}

@misc{jira:changesfeed,
  author = {{Apache Software Foundation}},
  title = "JIRA-Ticket: Make the changes\_filter use \_conflicts field",
  year = "2010",
  howpublished = {\url{https://issues.apache.org/jira/browse/COUCHDB-630}},
  note = {zuletzt abgerufen am 04.06.2010}
}

@misc{jira:testsuite,
  author = {{Apache Software Foundation}},
  title = "JIRA-Ticket: Add tests for Javascript HTTP API",
  year = "2010",
  howpublished = {\url{https://issues.apache.org/jira/browse/COUCHDB-783}},
  note = {zuletzt abgerufen am 04.06.2010}
}

@misc{jquery:homepage,
  author = {{jQuery Project}},
  title = "jQuery: The Write Less, Do More, JavaScript Library",
  year = "2010",
  howpublished = {\url{http://www.jquery.org/}},
  note = {zuletzt abgerufen am 05.06.2010}
}

@misc{json:rfc,
  author = "Crockford, Douglas",
  title = "Network Working Group, Request for Comments 4627",
  month = {Juli},
  year = "2006",
  howpublished = {\url{http://www.ietf.org/rfc/rfc4627.txt}},
  note = {zuletzt abgerufen am 05.06.2010}
}

@misc{json:crockford,
  author = "Crockford, Douglas",
  title = "JSON",
  year = "2010",
  howpublished = {\url{http://www.json.org/}},
  note = {zuletzt abgerufen am 05.06.2010}
}


@misc{jspec:website,
  author = "Holowaychuk, TJ",
  title = "JSpec - JavaScript Testing Framework",
  year = "2010",
  howpublished = {\url{http://visionmedia.github.com/jspec/}},
  note = {zuletzt abgerufen am 06.06.2010}
}


@misc{jspec:unitlist,
  author = "Wikipedia",
  title = "List of unit testing frameworks - Javascript",
  year = "2010",
  howpublished = {\url{http://en.wikipedia.org/wiki/List_of_unit_testing_frameworks#JavaScript}},
  note = {zuletzt abgerufen am 06.06.2010}
}

@misc{jspec:evaluation,
  author = {Herrmann, Lena},
  title = {JSpec - JavaScript Unit testing how it should be},
  howpublished = {\url{http://lenaherrmann.net/2010/01/04/jspec-javascript-unit-testing-how-it-should-be}},
  year = {2010},
  month = {Januar},
  note = {zuletzt abgerufen am 21.05.2010}
}


@misc{logstructuredstorage,
  author = {Johnson, Nick},
  title = {Damn Cool Algorithms: Log structured storage},
  howpublished = {\url{http://blog.notdot.net/2009/12/Damn-Cool-Algorithms-Log-structured-storage}},
  year = {2009},
  month = {Dezember},
  note = {zuletzt abgerufen am 17.05.2010}
}


@misc{lounge:twoinstances,
  author = {{couchdb-lounge wiki}},
  title = {Setting up two couch instances},
  howpublished = {\url{http://code.google.com/p/couchdb-lounge/wiki/SettingUpTwoCouchInstances}},
  note = {zuletzt abgerufen am 05.06.2010},
  year = {2010}
}

@misc{mustache:bench,
  author = {Landau, Brian},
  title = {Benchmarking Javascript Templating Libraries},
  howpublished = {\url{http://www.viget.com/extend/benchmarking-javascript-templating-libraries/}},
  note = {zuletzt abgerufen am 06.06.2010},
  year = {2009},
  month = {Dezember}
}

@misc{mustache:couchio,
  author = {{Lehnardt, Jan}},
  title = {Couchio: Mustache.js},
  howpublished = {\url{http://blog.couch.io/post/622014913/mustache-js}},
  note = {zuletzt abgerufen am 06.06.2010},
  year = {2010},
  month = {Mai}
}


@misc{couch:oftheweb,
  author = {{Kaplan-Moss, Jacob}},
  title = {Of the Web},
  howpublished = {\url{http://jacobian.org/writing/of-the-web/}},
  note = {zuletzt abgerufen am 07.07.2010},
  year = {2007},
  month = {Oktober}
}

@misc{uuids,
  title = {RFC 4122 - A Universally Unique IDentifier (UUID) URN Namespace},
  howpublished = {\url{http://tools.ietf.org/html/rfc4122}},
  year = {2005},
  month = {Juli},
  note = {zuletzt abgerufen am 07.07.2010},
  author = {Leach, Paul J.}
}

@misc{couch:whatsnew,
  author = {Lehnardt, Jan},
  title = {Couchio: What’s new in Apache CouchDB 0.11 — Part Three: New Features in Replication},
  howpublished = {\url{http://blog.couch.io/post/468392274/whats-new-in-apache-couchdb-0-11-part-three-new}},
  note = {zuletzt abgerufen am 07.07.2010},
  year = {2010},
  month = {März}
}

@misc{couch:release1.0,
  author = {Slater, Noah},
  title = {[VOTE] Apache CouchDB 1.0.0 release, first round},
  howpublished = {\url{http://couchdb-development.1959287.n2.nabble.com/VOTE-Apache-CouchDB-1-0-0-release-first-round-td5267885.html#a5267885}},
  note = {zuletzt abgerufen am 09.07.2010},
  year = {2010},
  month = {Juli}
}

@misc{mustache:homepage,
  author = {{Lehnardt, Jan}},
  title = {mustache.js Github Repository},
  howpublished = {\url{http://github.com/janl/mustache.js}},
  note = {zuletzt abgerufen am 06.06.2010},
  year = {2010}
}

@misc{mustache:other,
  title = {Mustache},
  howpublished = {\url{http://mustache.github.com/}},
  note = {zuletzt abgerufen am 06.06.2010},
  year = {2010}
}

@misc{nobah,
  author = {Barreto, Charlton},
  title = {NoSQL: leading Cloud's "NoBah" movement?},
  howpublished = {\url{http://charltonb.typepad.com/weblog/2009/07/nosql-leading-clouds-nobah-movement.html}},
  note = {zuletzt abgerufen am 09.05.2010},
  year = {2009},
  month = {Juli}
}

@misc{nosql:strozzi,
  author = {Strozzi, Carlo},
  title = {NoSQL: a non-SQL RDBMS},
  howpublished = {\url{http://www.strozzi.it/cgi-bin/CSA/tw7/I/en_US/nosql/Home%20Page}},
  note = {zuletzt abgerufen am 11.06.2010},
  year = {1998}
}

@misc{nosql:evans,
  author = {Evan, Eric},
  title = {NoSQL 2009},
  howpublished = {\url{http://blog.sym-link.com/2009/05/12/nosql_2009.html}},
  note = {zuletzt abgerufen am 11.06.2010},
  year = {2009},
  month = {Mai}
}

@misc{outliner,
  author = "Wikipedia",
  title = "Outliner",
  year = "2010",
  howpublished = {\url{http://en.wikipedia.org/w/index.php?title=Outliner&oldid=367410701}},
  note = {zuletzt abgerufen am 15.06.2010},
}

@misc{omnioutliner:rating,
  author = {Macworld},
  title = {The Omni Group OmniOutliner 3 Professional Utility Software Review},
  howpublished = {\url{http://www.macworld.com/reviews/product/405814/review/omnioutliner_3_professional.html}},
  note = {zuletzt abgerufen am 15.06.2010},
  year = {2005},
  month = {Juni}
}


@misc{omnioutliner:screenshot,
  author = {Law, Paul},
  title = {Tools: Outlining via OmniOutliner},
  howpublished = {\url{http://lawpaul.wordpress.com/2010/02/20/tools-outlining-via-omnioutliner/}},
  note = {zuletzt abgerufen am 10.06.2010},
  year = {2010},
  month = {Februar}
}

@misc{omnioutliner:website,
  author = {{Omni Group}},
  title = {OmniOutliner 3},
  howpublished = {\url{http://www.omnigroup.com/products/omnioutliner/}},
  note = {zuletzt abgerufen am 10.06.2010},
  year = {2010}
}

@misc{bonjour:website,
  author = {{Apple Inc.}},
  title = {Common QA for Bonjour },
  howpublished = {\url{http://developer.apple.com/mac/library/qa/qa2010/qa1690.html}},
  note = {zuletzt abgerufen am 09.07.2010},
  year = {2010},
  month = {Mai}
}

@misc{dom:website,
  author = {W3C},
  title = {Document Object Model (DOM)},
  howpublished = {\url{http://www.w3.org/DOM/}},
  note = {zuletzt abgerufen am 09.07.2010},
  year = {2005},
  month = {Januar}
}

@misc{openssl,
  author = {{OpenSSL Project}},
  title = "OpenSSL: The Open Source toolkit for SSL/TLS",
  year = "2009",
  howpublished = {\url{http://www.openssl.org/}},
  note = {zuletzt abgerufen am 06.06.2010}
}

@misc{python:homepage,
  author = {{Python Software Foundation}}, 
  title = "Python Programming Language",
  year = "2010",
  howpublished = {\url{http://www.python.org/}},
  note = {zuletzt abgerufen am 06.06.2010}
}

@misc{python:easy,
  author = {{Fellowship of the packaging}},
  title = "Easy Install - Distribute documentation",
  year = "2009",
  howpublished = {\url{http://packages.python.org/distribute/easy\_install.html}},
  note = {zuletzt abgerufen am 06.06.2010}
}

@misc{rake:website,
  author = {Weirich, Jim},
  title = {RAKE — Ruby Make},
  howpublished = {\url{http://rake.rubyforge.org/}},
  note = {zuletzt abgerufen am 09.06.2010},
  year = {2008}
}

@misc{rest:couchapi,
  author = {{NORD Software Consulting}},
  title = {Classifying the CouchDB API},
  howpublished = {\url{http://www.slate.com/id/2232311/pagenum/all/}},
  note = {zuletzt abgerufen am 06.06.2010},
  year = {2010},
  month = {Februar}
}

@misc{rest:classification,
  author = {{NORD Software Consulting}},
  title = {Classification of HTTP-based APIs},
  howpublished = {\url{http://nordsc.com/ext/classification_of_http_based_apis.html}},
  note = {zuletzt abgerufen am 06.06.2010}
}

@misc{ruby:homepage,
  author = "Matsumoto, Yukihiro",
  title = "Ruby - A Programmer's best friend",
  year = "2010",
  howpublished = {\url{http://www.ruby-lang.org/de/}},
  note = {zuletzt abgerufen am 06.06.2010}
}

@misc{sammy:homepage,
  author = {Quirkey, Aaaron},
  title = "Sammy",
  year = "2010",
  howpublished = {\url{http://code.quirkey.com/sammy/}},
  note = {zuletzt abgerufen am 05.06.2010}
}

@misc{sammy:plugins,
  author = {Quirkey, Aaaron},
  title = "Sammy Documentation: Plugins",
  year = "2010",
  howpublished = {\url{http://code.quirkey.com/sammy/docs/plugins.html}},
  note = {zuletzt abgerufen am 24.06.2010}
}


@misc{spidermonkey,
  author = {{Mozilla Foundation}},
  title = "SpiderMonkey (JavaScript-C) Engine",
  year = "2010",
  howpublished = {\url{http://www.mozilla.org/js/spidermonkey/}},
  note = {zuletzt abgerufen am 06.06.2010}
}

@misc{textmate:website,
  author = {{MacroMates}},
  title = "textmate - the missing editor",
  year = "2010",
  howpublished = {\url{http://macromates.com/}},
  note = {zuletzt abgerufen am 06.06.2010}
}

@misc{textmate:daring,
  author = {{Daring Fireball}},
  title = "Linked List: August 2006",
  year = "2006",
  howpublished = {\url{http://daringfireball.net/linked/2006/august#tue-08-textmate}},
  note = {zuletzt abgerufen am 08.06.2010}
}


@misc{web:architecture,
  author = {Quirkey, Aaaron},
  title = {Sammy.js, CouchDB, and the new web architecture},
  howpublished = {\url{http://www.quirkey.com/blog/2009/09/15/sammy-js-couchdb-and-the-new-web-architecture/}},
  note = {zuletzt abgerufen am 05.06.2010},
  year = {2009},
  month = {September}
}

@misc{google:docs,
  author = {Belomestnykh, Olga},
  title = {A rebuilt, more real time Google documents},
  howpublished = {\url{http://googledocs.blogspot.com/2010/04/rebuilt-more-real-time-google-documents.html}},
  note = {zuletzt abgerufen am 06.06.2010},
  year = {2010},
  month = {April}
}

@misc{google:wavetyping,
  author = {Manjoo, Farhad},
  title = {It's Just Fancy Talk - The Google Wave chatting tool is too complicated for its own good },
  howpublished = {\url{http://www.slate.com/id/2232311/pagenum/all/}},
  note = {zuletzt abgerufen am 07.05.2010},
  year = {2009},
  month = {Oktober}
}

@misc{google:wave,
  author = {Google},
  title = {Google Wave},
  howpublished = {\url{http://wave.google.com/about.html}},
  note = {zuletzt abgerufen am 07.06.2010},
  year = {2010}
}

@misc{w3c:cgi,
  author = {W3C},
  title = {CGI: Common Gateway Interface},
  howpublished = {\url{http://www.w3.org/CGI/}},
  note = {zuletzt abgerufen am 21.05.2010},
  year = {2009},
  month = {Mai}
}


@misc{prevalence,
  author = {Paterson, Jim},
  title = {Prevalence: Transparent, Fault-Tolerant Object Persistence},
  howpublished = {\url{http://onjava.com/pub/a/onjava/2005/06/08/prevayler.html}},
  note = {zuletzt abgerufen am 12.06.2010},
  year = {2005},
  month = {Juni}
}

@misc{madeleine,
  author = {Bengtsson, Anders},
  title = {Madeleine},
  howpublished = {\url{http://madeleine.rubyforge.org/}},
  note = {zuletzt abgerufen am 12.06.2010},
  year = {2006}
}

@misc{couchdb:joins,
  author = {Lenz, Christopher},
  title = {CouchDB \enquote{Joins}},
  howpublished = {\url{http://www.cmlenz.net/archives/2007/10/couchdb-joins}},
  note = {zuletzt abgerufen am 13.06.2010},
  year = {2007}, 
  month = {Oktober}
}

@misc{jquery:verbreitung,
  author = {Allsopp, John},
  title = {The State of Web Development 2010},
  howpublished = {\url{http://www.webdirections.org/sotw10/}},
  note = {zuletzt abgerufen am 14.06.2010},
  year = {2010}, 
  month = {April}
}



@misc{jquery:autogrow,
  author = {Bader, Chrys},
  title = {jQuery Plugins: Auto Growing Textareas},
  howpublished = {\url{http://plugins.jquery.com/project/autogrow}},
  note = {zuletzt abgerufen am 05.07.2010},
  year = {2008}, 
  month = {januar}
}

@misc{sproutcore:website,
  author = {{Sprout Systems Inc. & Contributors}},
  title = {What is Sproutcore?},
  howpublished = {\url{http://www.sproutcore.com/what-is-sproutcore/}},
  note = {zuletzt abgerufen am 15.06.2010},
  year = {2010}
}

@misc{lotusnotes:interview,
  author = {Schuster, Werner},
  title = {Damien Katz Relaxing on CouchDB},
  howpublished = {\url{http://www.infoq.com/interviews/CouchDB-Damien-Katz}},
  note = {zuletzt abgerufen am 16.06.2010},
  year = {2008}, 
  month = {November}
}

@misc{subethaedit:website,
  author = {{TheCodingMonkeys}},
  title = {SubEthaEdit},
  howpublished = {\url{http://www.subethaedit.de/index.de.html}},
  note = {zuletzt abgerufen am 16.06.2010},
  year = {2010}
}

@misc{dropbox:website,
  author = {{Dropbox}},
  title = {Dropbox},
  howpublished = {\url{https://www.dropbox.com/}},
  note = {zuletzt abgerufen am 16.06.2010},
  year = {2010}
}

@misc{subversion:website,
  author = {{Apache Software Foundation}},
  title = {Apache Subversion},
  howpublished = {\url{http://subversion.apache.org/}},
  note = {zuletzt abgerufen am 16.06.2010},
  year = {2010}
}

@misc{git:website,
  author = {Chacon, Scott},
  title = {git - the fast version control system},
  howpublished = {\url{http://git-scm.com/}},
  note = {zuletzt abgerufen am 16.06.2010},
  year = {2010}
}


@misc{mongodb:website,
  author = {{10gen}},
  title = {mongoDB Replication},
  howpublished = {\url{http://www.mongodb.org/display/DOCS/Replication}},
  note = {zuletzt abgerufen am 16.06.2010},
  year = {2010}
}

@misc{riak:website,
  author = {{Basho}},
  title = {Riak: An Open Source Internet-Scale Data Store},
  howpublished = {\url{http://wiki.basho.com/display/RIAK/Riak}},
  note = {zuletzt abgerufen am 16.06.2010},
  year = {2010}
}

@misc{btree:couchdb-implementation,
  author = {{Ho, Ricky}},
  title = {CouchDB Implementation},
  howpublished = {\url{http://horicky.blogspot.com/2008/10/couchdb-implementation.html}},
  note = {zuletzt abgerufen am 18.06.2010},
  month = {Oktober},
  year = {2008}
}



@misc{cloud:hypecycle,
  author = {{Gartner}},
  title = {Gartner's 2009 Hype Cycle Special Report Evaluates Maturity of 1,650 Technologies},
  howpublished = {\url{http://www.gartner.com/it/page.jsp?id=1124212}},
  note = {zuletzt abgerufen am 17.06.2010},
  year = {2009}, 
  month = {August}
}

@misc{cloud:graphic,
  author = {{P. T. Magazin}},
  title = {Cloud Computing und die neuen Maßstäbe der Google-Ära},
  howpublished = {\url{http://www.pt-magazin.de/newsartikel/datum/2009/02/09/cloud-computing-und-die-neuen-massstaebe-der-google-aera/}},
  note = {zuletzt abgerufen am 17.06.2010},
  year = {2009}, 
  month = {Februar}
}

@misc{aws:instances,
  author = {{Amazon Web Services LLC}},
  title = {Amazon EC2-Instanztypen},
  howpublished = {\url{http://aws.amazon.com/de/ec2/instance-types/}},
  note = {zuletzt abgerufen am 20.06.2010}
}

@misc{cloud:enzyklopaedie,
  author = {Eymann, Torsten},
  title = {Cloud Computing},
  howpublished = {\url{http://www.enzyklopaedie-der-wirtschaftsinformatik.de/wi-enzyklopaedie/lexikon/uebergreifendes/Kontext-und-Grundlagen/Markt/Softwaremarkt/Geschaftsmodell-%28fur-Software-und-Services%29/Cloud-Computing/index.html?searchterm=Cloud+}},
  note = {zuletzt abgerufen am 19.06.2010},
  year = {2008}, 
  month = {September}
}

@misc{cloud:transcript,
  author = {Schmidt, Eric},
  title = {Conversation with Eric Schmidt hosted by Danny Sullivan},
  howpublished = {\url{http://www.google.com/press/podium/ses2006.html}},
  note = {zuletzt abgerufen am 19.06.2010},
  year = {2006}, 
  month = {August}
}


@misc{lounge:website,
  author = {Leeds, Randall},
  title = {Lounge - a proxy-based partitioning/clustering framework for CouchDB},
  howpublished = {\url{http://tilgovi.github.com/couchdb-lounge/}},
  note = {zuletzt abgerufen am 16.06.2010},
  year = {2010}
}

@misc{lounge:SOC,
  author = {Leeds, Randall},
  title = {Partitioning and Clustering Support for CouchDB. Proposal for Google Summer of Code 2009},
  howpublished = {\url{http://socghop.appspot.com/document/show/user/rleeds/couchdb_cluster}},
  note = {zuletzt abgerufen am 18.06.2010},
  year = {2009},
  month = {April}
}

@misc{lounge:blogpost,
  author = {Van Gurp, Jilles},
  title = {CouchDB},
  howpublished = {\url{http://www.jillesvangurp.com/2010/01/15/couchdb/}},
  note = {zuletzt abgerufen am 18.06.2010},
  year = {2010},
  month = {Januar}
}

@misc{lounge:till,
  author = {Klampaeckel, Till},
  title = {A toolchain for CouchDB Lounge},
  howpublished = {\url{http://till.klampaeckel.de/blog/archives/84-A-toolchain-for-CouchDB-Lounge.html}},
  note = {zuletzt abgerufen am 18.06.2010},
  year = {2010},
  month = {Januar}
}


@misc{lounge:wiki,
  author = {Leeds, Randall},
  title = {couchdb-lounge wiki},
  howpublished = {\url{http://wiki.github.com/tilgovi/couchdb-lounge/}},
  note = {zuletzt abgerufen am 18.06.2010},
  year = {2009}
}


@misc{twisted,
  author = {{Lefkowitz, Glyph; Zadka, Moshe}},
  title = {The Twisted Network Framework},
  howpublished = {\url{http://www.python.org/workshops/2002-02/papers/09/index.htm}},
  note = {zuletzt abgerufen am 18.06.2010},
  year = {2002},
  month = {Februar}
}

@misc{aws:preistabelle,
  author = {{Amazon Web Services LLC}},
  title = {AWS Simple Monthly Calculator},
  howpublished = {\url{http://calculator.s3.amazonaws.com/calc5.html}},
  note = {zuletzt abgerufen am 20.06.2010}
}

@misc{agile:definition,
  author = {Ambler, Scott W.},
  title = {Disciplined Agile Software Development: Definition},
  howpublished = {\url{http://www.agilemodeling.com/essays/agileSoftwareDevelopment.htm}},
  note = {zuletzt abgerufen am 20.06.2010}
}


@misc{agile:manifesto,
  author = {Beck, Kent; Beedle, Mike; van Bennekum, Arie; Cockburn, Alistair et. al.},
  title = {Manifesto for Agile Software Development},
  howpublished = {\url{http://www.agilemodeling.com/essays/agileSoftwareDevelopment.htm}},
  note = {zuletzt abgerufen am 20.06.2010},
  year = {2001}, 
  month = {Februar}
}

@misc{evently:website,
  author = {Anderson, J. Chris},
  title = {Evently Docs},
  howpublished = {\url{http://github.com/jchris/toast/blob/master/vendor/couchapp/docs/evently.md }},
  note = {zuletzt abgerufen am 07.07.2010},
  year = {2010}
}



@misc{webrat:website,
  author = {Helmkamp, Bryan},
  title = {Webrat - Ruby Acceptance Testing for Web applications},
  howpublished = {\url{http://github.com/brynary/webrat}},
  note = {zuletzt abgerufen am 06.07.2010},
  year = {2008} 
}

@misc{hypertable:website,
  author = {Hypertable},
  title = {Hypertable - An Open Source, High Performance, Scalable Database},
  howpublished = {\url{http://hypertable.org/}},
  note = {zuletzt abgerufen am 06.07.2010},
  year = {2009} 
}

@misc{hbase:website,
  author = {{Apache Software Foundation}},
  title = {Welcome to HBase},
  howpublished = {\url{http://hbase.apache.org/}},
  note = {zuletzt abgerufen am 06.07.2010},
  year = {2010} 
}

@misc{memcachedb:website,
  author = {MemcacheDB},
  title = {MemcacheDB: A distributed key-value storage system designed for persistent},
  howpublished = {\url{http://memcachedb.org/}},
  note = {zuletzt abgerufen am 06.07.2010},
  year = {2009} 
}

@misc{cassandra:website,
  author = {{Apache Software Foundation}},
  title = {The Apache Cassandra Project},
  howpublished = {\url{http://cassandra.apache.org/}},
  note = {zuletzt abgerufen am 06.07.2010},
  year = {2009} 
}

@misc{dynamo:website,
  author = {Vogel, Werner},
  title = {All Things Distributed: Amazon's Dynamo},
  howpublished = {\url{http://www.allthingsdistributed.com/2007/10/amazons_dynamo.html}},
  note = {zuletzt abgerufen am 06.07.2010},
  year = {2007},
  month = {Oktober} 
}

@misc{voldemort:website,
  author = {{Project Voldemort}},
  title = {Project Voldemort - A distributed database},
  howpublished = {\url{http://project-voldemort.com/}},
  note = {zuletzt abgerufen am 06.07.2010}
}


@misc{culerity:couchapps,
  author = {Lang, Alexander},
  title = {Testing Couchapps with Cucumber and Culerity},
  howpublished = {\url{http://upstre.am/2009/10/25/testing-couchapps-with-cucumber-and-culerity/}},
  note = {zuletzt abgerufen am 21.06.2010},
  year = {2009}, 
  month = {Oktober}
}

@misc{culerity:introduction,
  author = {Lang, Alexander},
  title = {Culerity = Full Stack Rails Testing with Cucumber and Celerity},
  howpublished = {\url{http://upstre.am/2009/01/28/culerity-full-stack-rails-testing-with-cucumber-and-celerity/}},
  note = {zuletzt abgerufen am 21.06.2010},
  year = {2009}, 
  month = {Januar}
}

@misc{cucumber:website,
  author = {Hellesøy, Aslak},
  title = {Cucumber. Behaviour Driven Development with elegance and joy},
  howpublished = {\url{http://cukes.info/}},
  note = {zuletzt abgerufen am 21.06.2010}
} 

@misc{celerity:website,
  author = {Bakken, Jarib},
  title = {Celerity},
  howpublished = {\url{http://celerity.rubyforge.org/}},
  note = {zuletzt abgerufen am 21.06.2010}
}

@misc{culerity:website,
  author = {Lang, Alexander},
  title = {Culerity},
  howpublished = {\url{http://github.com/langalex/culerity}},
  note = {zuletzt abgerufen am 21.06.2010}
}

@misc{htmlunit:website,
  author = {{Gargoyle Software}},
  title = {HtmlUnit},
  howpublished = {\url{http://htmlunit.sourceforge.net/}},
  note = {zuletzt abgerufen am 21.06.2010}
}


@misc{rspec:website,
  author = {Chelimsky, David},
  title = {RSpec},
  howpublished = {\url{http://rspec.info/}},
  note = {zuletzt abgerufen am 21.06.2010}
}

@misc{bdd:tdd,
  author = {Miller, Jeremy D.},
  title = {BDD, TDD, and the other Double D's},
  howpublished = {\url{http://codebetter.com/blogs/jeremy.miller/archive/2007/09/06/bdd-tdd-and-the-other-double-d-s.aspx}},
  note = {zuletzt abgerufen am 21.06.2010},
  year = {2007}, 
  month = {September}
}

@misc{mysql:cluster,
  author = {Oracle Corporation},
  title = {MySQL Cluster Replication},
  howpublished = {\url{http://dev.mysql.com/doc/refman/5.1/en/mysql-cluster-replication.html}},
  note = {zuletzt abgerufen am 22.06.2010}
}

@misc{mysql:increment,
  author = {Oracle Corporation},
  title = {MySQL 5.5 Replication and AUTO\_INCREMENT},
  howpublished = {\url{http://dev.mysql.com/doc/refman/5.5/en/replication-features-auto-increment.html}},
  note = {zuletzt abgerufen am 26.06.2010}
}


@misc{mysql:replication,
  author = {Oracle Corporation},
  title = {MySQL 5.5 Replication Implementation},
  howpublished = {\url{http://dev.mysql.com/doc/refman/5.5/en/replication-implementation.html}},
  note = {zuletzt abgerufen am 26.06.2010}
}

@misc{mysql:multimaster,
  author = {Maxia, Giuseppe},
  title = {Advanced MySQL Replication Techniques},
  howpublished = {\url{http://onlamp.com/pub/a/onlamp/2006/04/20/advanced-mysql-replication.html}},
  year = {2006},
  month = {April},
  note = {zuletzt abgerufen am 22.06.2010}
}

@misc{postgres:website,
  author = {PostgreSQL GLobal Development Group},
  title = {PostgreSQL},
  howpublished = {\url{http://www.postgresql.org/}},
  note = {zuletzt abgerufen am 22.06.2010}
}

@misc{mysql:website,
  author = {Oracle Corporation},
  title = {MySQL},
  howpublished = {\url{http://www.mysql.com/?bydis_dis_index=1}},
  note = {zuletzt abgerufen am 22.06.2010}
}

@misc{postgres:replication,
  author = {PostgreSQL GLobal Development Group},
  title = {Replication, Clustering, and Connection Pooling},
  howpublished = {\url{http://wiki.postgresql.org/index.php?title=Replication%2C_Clustering%2C_and_Connection_Pooling&oldid=10880}},
  note = {zuletzt abgerufen am 22.06.2010}
}

@misc{rhino:website,
  author = {{Mozilla Foundation}},
  title = {Rhino: JavaScript for Java},
  howpublished = {\url{http://www.mozilla.org/rhino/}},
  note = {zuletzt abgerufen am 22.06.2010}
}

@misc{beck:tdd,
  author = {Beck, Kent},
  title = {Three Rivers Institute: Test-Driven Development Violates the Dichotomies of Testing},
  howpublished = {\url{http://www.threeriversinstitute.org/Testing%20Dichotomies%20and%20TDD.htm}},
  year = {2007},
  month = {Juni},
  note = {zuletzt abgerufen am 22.06.2010}
}

@misc{blueprint:website,
  author = {Montoya, Christian},
  title = {Blueprint: A CSS Framework},
  howpublished = {\url{http://www.blueprintcss.org/}},
  note = {zuletzt abgerufen am 04.07.2010}
}


@misc{os:barometer,
  author = {{Alfresco Software, Inc}},
  title = {The Open Source Barometer III},
  month = {Februar},
  year = {2008},
  howpublished = {\url{hhttp://www.alfresco.com/community/barometer/}},
  note = {zuletzt abgerufen am 26.06.2010}
}
