@book{algorithms,
  author = {{Cormen, Thomas H.; Leiserson, Charles E.; Rivest, Ronald L.; Stein, Clifford}},
  edition = {2nd Revised edition},
  month = {September},
  publisher = {The MIT Press},
  title = {Introduction to Algorithms},
  year = {2001}
}

@book{ansisparc,
  author={Matthiessen, Günter; Unterstein, Michael},
  title={Relationale Datenbanken und Standard-SQL - Konzepte der Entwicklung und Anwendung},
  publisher={Addison-Wesley},
  month = {Dezember},
  year = {2007}
}

@article{bernstein,
  author = {Bernstein, Philip A.; Goodman, Nathan},
  title = {Concurrency Control in Distributed Database Systems},
  journal = {ACM Comput. Surv.},
  volume = {13},
  number = {2},
  year = {1981},
  pages = {185--221},
  publisher = {ACM},
  address = {New York, NY, USA},
}

@article{bigtable,
  author = {Chang, Fay et.al.},
  title = {Bigtable: A Distributed Storage System for Structured Data},
  journal = {OSDI'06: Seventh Symposium on Operating System Design and Implementation},
  year = {2006}
}


@article{browsers,
  author = {Godwin-Jones, Robert},
  title = {Ajax and Firefox: New Web Applications and Browsers},
  journal = {Language Learning and Technology},
  volume = {9},
  number = {2},
  year = {2005},
  pages = {8--12}
}

@ARTICLE{btree:bayer,
  AUTHOR = {Bayer, Rudolf},
  TITLE  = {B-tree and UB-tree},
  YEAR  = {2008},
  JOURNAL  = {Scholarpedia},
  VOLUME  = {3},
  NUMBER  = {11},
  PAGES  = {7742}
}


@article{cap,
 author = {Gilbert, Seth; Lynch, Nancy},
 title = {Brewer's conjecture and the feasibility of consistent, available, partition-tolerant web services},
 journal = {SIGACT News},
 volume = {33},
 number = {2},
 year = {2002},
 issn = {0163-5700},
 pages = {51--59},
 publisher = {ACM},
 address = {New York, NY, USA}
}


@inproceedings{cap:brewer,
  author    = {Eric A. Brewer},
  title     = {Towards robust distributed systems (abstract)},
  booktitle = {PODC},
  year      = {2000},
  pages     = {7},
  ee        = {http://doi.acm.org/10.1145/343477.343502},
  bibsource = {DBLP, http://dblp.uni-trier.de}
}

@inproceedings{replication:effect,
  author    = {Parveen, Suraiya; Tanweer, Safrad},
  title     = {A Study on Effect of Replication on Databases},
  booktitle = {Proceedings of the 4th National Conference; INDIACom-2010},
  year      = {2010},
  month     = {Februar},
  pages     = {483--490},
  location  = {Bharati Vidyapeeth’s Institute of Computer Applications and Management, New Delhi}
}


@article{codd,
 author = {Codd, Edgar Frank},
 title = {A relational model of data for large shared data banks},
 journal = {Communications of the ACM},
 volume = {26},
 number = {1},
 year = {1983},
 pages = {64--69},
 publisher = {ACM},
 address = {New York, NY, USA},
}


@unpublished{internetverbreitung,
  author = {{Initiative D21}},
  title = {(N)ONLINER Atlas 2010. Eine Topographie des digitalen Grabens durch Deutschland. Nutzung und Nichtnutzung des Internets, Strukturen und regionale Verteiltung},
  year = {2010}, 
  month = {Juli}
}


@book{couchdb,
  author={{Anderson, J. Chris; Lehnardt, Jan; Slater, Noah}},
  title={CouchDB: The Definitive Guide},
  publisher={O'Reilly Media},
  isbn={978-0596155896},
  month = {Februar},
  year = {2010}
}

@article{groupware:definition,
 author = {{Ellis, Clarence A.; Gibbs, Simon John D.}},
 title = {Concurrency control in groupware systems},
 journal = {SIGMOD Rec.},
 volume = {18},
 number = {2},
 year = {1989},
 issn = {0163-5808},
 pages = {399--407},
 doi = {http://doi.acm.org/10.1145/66926.66963},
 publisher = {ACM},
 address = {New York, NY, USA}
}


@article{kollaborieren,
 author = {Kuhlen, Rainer},
 title = {Kollaboratives Schreiben},
 journal = {Christoph Bieber, Claus Leggewie (Hg.): Interaktivität: ein transdisziplinärer Schlüsselbegriff},
 year = {2004},
 pages = {216--239},
 publisher = {Campus Verlag, Frankfurt am Main}
}



@article{dataplacement,
 author = {Mehta, Manish; DeWitt, David J.},
 title = {Data placement in shared-nothing parallel database systems},
 journal = {The VLDB Journal},
 volume = {6},
 number = {1},
 year = {1997},
 pages = {53--72},
 publisher = {Springer-Verlag New York, Inc.}
}


@inproceedings{mapreduce,
 author = {{Yang, Hung-chih; Dasdan, Ali; Hsiao, Ruey-Lung; Parker, D. Stott}},
 title = {Map-reduce-merge: simplified relational data processing on large clusters},
 booktitle = {SIGMOD '07: Proceedings of the 2007 ACM SIGMOD international conference on Management of data},
 year = {2007},
 isbn = {978-1-59593-686-8},
 pages = {1029--1040},
 location = {Beijing, China},
 doi = {http://doi.acm.org/10.1145/1247480.1247602},
 publisher = {ACM},
 address = {New York, NY, USA},
 }



@book{datenbanksysteme,
  author    = {Härder, Theo; Rahm, Erhard},
  title     = {Datenbanksysteme: Konzepte und Techniken der Implementierung, 2. Auflage},
  publisher = {Springer},
  year      = {2001},
  isbn      = {3-540-42133-5}
}


@book{datenstrukturen,
  author={Güting, Ralf Hartmut; Dieker, Stefan},
  title={Datenstrukturen und Algorithmen},
  publisher={Teubner Verlag},
  isbn={3519221217},
  month = {Dezember},
  year = {2004}
}

@inproceedings{distributedDBs,
 author = {Klieb, Leslie},
 title = {Distributed disconnected databases},
 booktitle = {SAC '96: Proceedings of the 1996 ACM symposium on Applied Computing},
 year = {1996},
 pages = {322--326},
 location = {Philadelphia, Pennsylvania, United States},
 publisher = {ACM}
}



@book{groupware,
	title = {Kooperationsmechanismen synchroner Groupwaresysteme. Entwurf, Realisierung und Einsatz eines Werkzeugsatzes für replizierte Softwarekooperation},
	author = {Edlich, Stefan},
	year = {1995},
	publisher = {Technische Universität Berlin}
}

@misc{http:protocol,
    author = {{Fielding, R.; Frystyk, H.; Berners-Lee, T.; Gettys, J.; Mogul, Jeffrey C.}},
    title = {Hypertext Transfer Protocol - HTTP/1.1},
    year = {1996}
}

@book{internetdatenbanken,
  author={{Assfalg, Rolf; Goebels, Udo; Welter, Heinrich}},
  title={Internet Datenbanken},
  publisher={Addison-Wesley},
  year = {1998}
}

@article{json:javascript,
  title = {Javascript Hijacking},
	author = {{Chess, Brian; Tsipenyuk O'Neil, Yekaterina; West, Jacob}},
	year = {2007},
	month = {M\"arz},
	publisher = {Fortify Sofware, Inc.}
}

@book{javascript:goodparts,
 author = {Crockford, Douglas},
 title = {JavaScript: The Good Parts},
 year = {2008},
 publisher = {O'Reilly Media, Inc.}
}



@book{knuth,
  author={Knuth, Donald},
  title={The art of computer programming vol 1. Fundamental Algorithms, Dritte Auflage},
  publisher={Addison-Wesley},
  isbn={0-201-89683-4},
  year = {1997}
}

@article{logstructuredFS,
  author = {Rosenblum, Mendel; Ousterhout, John K.},
  title = {The Design and Implementation of a Log-Structured File System},
  journal = {ACM Transactions on Computer Systems},
  year = {1991},
  month = {Juli},
  volume = {10},
  pages = {1--15}
}

 @article{logstoragereplication,
  author = {Hupfeld, Felix},
  title = { Log-Structured Storage for Efficient Weakly-Connected Replication},
  journal = {ICDCS Workshops},
  year = {2004},
  month = {März},
  pages = {458--463}
}

@article{lotus:collaboration,
 author = {Vandenbosch, Betty; Ginzberg, Michael J.},
 title = {Lotus notes\textregistered and collaboration: plus \c{c}a change...},
 journal = {J. Manage. Inf. Syst.},
 volume = {13},
 number = {3},
 year = {1996},
 pages = {65--81},
 publisher = {M. E. Sharpe, Inc.}
}

@inproceedings{lotus:kawell,
  author = {{Kawell,Jr., Leonard; Beckhardt, Steven; Halvorsen, Timothy; Ozzie, Raymond; Greif, Irene}},
  title = {Replicated document management in a group communication system},
  booktitle = {CSCW '88: Proceedings of the 1988 ACM conference on Computer-supported cooperative work},
  year = {1988},
  pages = {395},
  location = {Portland, Oregon, United States},
  publisher = {ACM}
}

@TechReport{lotus:learningfrom,
  author={Orlikowski, Wanda},
  title={Learning from NOTES: Organizational Issues in Groupware Implementation},
  year = {1992},
  month = {August},
  institution={MIT Center for Coordination Science},
  number={134}
}


@article{lotus:montoya,
 author = {{Montoya-Weiss, Mitzi M.; Massey, Anne P.; Song, Michael}},
 title = {Getting It Together: Temporal Coordination and Conflict Management in Global Virtual Teams},
 journal = {The Academy of Management Journal},
 volume = {44},
 number = {6},
 year = {2001},
 month = {Dezember},
 pages = {1251--1262},
 publisher = {Academy of Management}
}



@article{lotus:organisational,
 author = {Karsten, Helena},
 title = {``It's like everyone working around the same desk'': organisational readings of Lotus Notes},
 journal = {Scand. J. Inf. Syst.},
 volume = {7},
 number = {1},
 year = {1995},
 pages = {3--32},
 publisher = {University of Aalborg}
}



@book{masterkurs,
  title = {Masterkurs Parallele und Verteilte Systeme},
  author = {{Bengel, G\"unther; Baun, Christian; Kunze, Marcel; Stucky, Karl-Uwe}},
  publisher = {Vieweg+Teubner / GWV Fachverlage GmbH, Wiesbaden},
  year = {2008},
  url = {http://ebooks.ub.uni-muenchen.de/16909/}
}

@mastersthesis{mixedblessings,
  author={Varley, Ian Thomas}, 
  title={No Relation: The Mixed Blessings of Non-Relational Databases}, 
  school={University of Texas at Austin}, 
  year = {2009},
  month = {August}
}


@article{mobileagents,
  author = {Kotz, D,; Gray, R.S.},
  title = {Mobile Agents and the Future of the Internet},
  year = {1999},
  month = {August},
  publisher = {ACM Operating Systems Rev}, 
  pages = {7--13}
}

@article{mobildataaccess,
  author = {{Guy, Richard; Reiher, Peter; Ratner, David; Gunter, Michial; Ma, Wilkie; Popek, Gerald}},
  title = {Rumor: Mobile Data Access Through Optimistic Peer-to-Peer Replication},
  year = {1998},
  publisher = {University of California}
}



@unpublished{moser,
  title={Consistency in Distributed Key/Value Stores}, 
  year = {2009},
  month = {Oktober},
  note={Talk at NoSQL Berlin},
  author={Moser, Monika}
}

@unpublished{nosql:jan,
  title={Peer-to-peer Applications with CouchDB}, 
  year = {2009},
  month = {Oktober},
  note={Talk at NoSQL Berlin},
  author={Lehnardt, Jan}
}

@unpublished{couchdb:talk,
  author = {{Lehnardt, Jan}},
  title = {Introduction into CouchDB},
  note = {Talk at BBC London},
  year = {2008},
  month = {August}
}

@article{reaching,
 author = {{Pease, Marshall; Shostak, Robert; Lamport, Leslie}},
 title = {Reaching Agreement in the Presence of Faults},
 journal = {J. ACM},
 volume = {27},
 number = {2},
 year = {1980},
 pages = {228--234},
 publisher = {ACM},
 address = {New York, NY, USA},
}

@unpublished{scalingdown,
  title={Making Software for Humans - CouchDB and the Usable Peer-To-Peer Web}, 
  year = {2010},
  month = {June},
  note={Talk at Berlin Buzzwords},
  author={Lehnardt, Jan}
}

@inproceedings{servercorruptness,
    author = {{Spreitzer, Mike; Theimer, Marvin M.; Petersen, Karin; J, Alan; Terry, Douglas B.}},
    title = {Dealing with Server Corruption in Weakly Consistent, Replicated Data Systems},
    booktitle = {In Proc. of ACM/IEEE MobiCom Conf},
    year = {1997},
    pages = {234--240}
}

@article{sharednothing,
 author = {Stonebreaker, Michael},
 title = {The case for shared nothing},
 journal = {IEEE Database Engineering Bulletin},
 volume = {9},
 number = {1},
 year = {1986},
 pages = {4--9},
 publisher = {University of California},
}

@article{privacy:concerns,
 author = {{Krasnova, Hanna; Günther, Oliver; Spiekermann, Sarah; Koroleva, Ksenia}},
 title = {Privacy Concerns and Identity in Social Networks (submitted)},
 publisher = {Institue of Information Systems, Humboldt Universität Berlin},
 year = {2009},
 month = {Juli}
}


@article{privacy:disclose,
 author = {{Krasnova, Hanna; Spiekermann, Sarah; Thomas, Hildebrand}},
 title = {Online Social Networks: Why so we disclose (submitted)},
 publisher = {Institue of Information Systems, Humboldt Universität Berlin},
 year = {2009},
 month = {Juli}
}



@article{paralleldatabases,
  author = {DeWitt, David J.; Gray, Jim},
  title = {Parallel Database Systems: The Future of High Performance Database Processing},
  year = {1992},
  journal = {Communications of the ACM},
  volume = {36},
  number = {6},
  month = {Juni}
}


@inproceedings{replication:dangers,
 author = {{Gray, Jim; Helland, Pat; O'Neil, Patrick; Shasha, Dennis}},
 title = {The dangers of replication and a solution},
 booktitle = {SIGMOD '96: Proceedings of the 1996 ACM SIGMOD international conference on Management of data},
 year = {1996},
 isbn = {0-89791-794-4},
 pages = {173--182},
 location = {Montreal, Quebec, Canada},
 doi = {http://doi.acm.org/10.1145/233269.233330},
 publisher = {ACM},
 address = {New York, NY, USA},
}


@article{replication:optimistic,
 author = {Saito, Yasushi; Shapiro, Marc},
 title = {Optimistic replication},
 journal = {ACM Comput. Surv.},
 volume = {37},
 number = {1},
 year = {2005},
 issn = {0360-0300},
 pages = {42--81},
 doi = {http://doi.acm.org/10.1145/1057977.1057980},
 publisher = {ACM},
 address = {New York, NY, USA}
}

@phdthesis{rest:thesis,
  author = {Roy Fielding},
  school = {{University of California}},
  title = {Architectural Styles and the Design of Network-based Software Architectures},
  year = "2000"
}

@inproceedings{rest:vs,
 author = {Khare, Rohit and Taylor, Richard N.},
 title = {Extending the Representational State Transfer (REST) Architectural Style for Decentralized Systems},
 booktitle = {ICSE '04: Proceedings of the 26th International Conference on Software Engineering},
 year = {2004},
 isbn = {0-7695-2163-0},
 pages = {428--437},
 publisher = {IEEE Computer Society},
 address = {Washington, DC, USA}
}

@book{rest:webservices,
 author = {Richardson, Leonard; Ruby, Sam},
 title = {Restful web services},
 year = {2007},
 publisher = {O'Reilly}
}



@book{scale,
  author={Schlossnagle, Theo},
  title={Scalable Internet Architectures},
  publisher={omniti publishing},
  isbn={0-672-32699-X},
  month = {Juli},
  year = {2006}
}


@book{tanenbaum:vs,
 author={Tanenbaum, Andrew S.; van Steen, Maarten},
 edition = {2., Aufl.},
 publisher = {Pearson Studium},
 title = {Verteilte Systeme},
 year = {2007}
}

@article{textmate:latex,
  author = {Skiadas, C.; Kjosmoen, T.},
  title = {LATEXing with TextMate},
  journal = {The PracTEX Journal},
  number = {3},
  year = {2007},
  publisher = {TUG}
}

@book{tdd:unittestframeworks,
  author={Hamill, Paul},
  title={Unit Test Frameworks},
  publisher={O'Reilly Media},
  isbn={978-0596006891},
  month = {November},
  year = {2008}
}

@book{tdd:rails,
  author={Fischer, Jens-Christian},
  title={Professionelle Webentwicklung mit Ruby on Rails 2},
  publisher={mitp},
  year = {2008}
}

@article{timeclocks,
  author={Lamport, Leslie},
  title={Time, Clocks, and the Ordering of Events in a Distributed System},
  journal = {Communications of the ACM},
  volume = {21},
  number = {7},
  year = {1978},
  month = {Juli}
}


@article{paxos,
  author = {Lamport, Leslie},
  journal = {ACM SIGACT News},
  month = {December},
  number = {4},
  pages = {18--25},
  priority = {2},
  title = {{P}axos Made Simple},
  volume = {32},
  year = {2001}
}



@book{vs:bengel,
  author={Bengel, G\"unther},
  title={Verteilte Systeme. 3. Auflage},
  publisher={Vieweg},
  year = {2004}
}

@book{vs:coulouris,
  author = {{Coulouris, George; Dollimore, Jean; Kindberg, Tim}},
  month = {May},
  publisher = {{Addison Wesley}},
  title = {Distributed Systems: Concepts and Design (4th Edition) (International Computer Science Series)},
  year = {2005}
}


@article{vogels,
  author={Vogels, Werner},
  title={Eventually Consistent. Building reliable distributed systems at a worldwide scale demands trade-offs between consistency and availability},
  journal = {Communications of the ACM},
  volume = {52},
  number = {1},
  year = {2009},
  month = {Januar}
}

@phdthesis{weakconsistency,
  author={Hupfeld, Felix}, 
  title={Causal Weak-Consistency Replication – A Systems Approach}, 
  school={Humboldt-Universität zu Berlin}, 
  year = {2009},
  month = {Januar}
}

@article{webapps,
  author = {Paulson, Linda Dailey},
  title = {Building Rich Web Applications with Ajax},
  journal = {Computer},
  volume = {38},
  number = {10},
  year = {2005},
  pages = {14--17}
}

@unpublished{bdd,
  author = {Adams, Tom},
  title = {Better Testing Through Behaviour},
  year = {2007},
  month = {November}, 
  note = {Talk at Open Source Developers' Conference in Brisbane, Australia}
}


@book{vorgehen:softwareentwicklung,
  author={{Hesse, Wolfgang; Merbeth, Günther; Frölich, Rainer}},
  title={Software-Entwicklung. Vorgehensmodelle, Projektführung, Produktverwaltung},
  publisher={R. Oldenbourg Verlag},
  year = {1992}
}


@book{vorgehen:agile,
  author={{Bleek, Wolf-Gideon; Wolf, Henning}},
  title={Agile Softwareentwicklung},
  publisher={dpunkt.verlag},
  year = {2008},
  month = {Februar}
}


@book{cloud:cloudcomputing,
  author={{Baun, Christian; Kunze, Marcel; Nimis, Jens; Tai, Stefan}},
  title={Cloud Computing. Web-basierte dynamische IT-Services},
  publisher={Springer-Verlag},
  year = {2010}
}

@inproceedings{cloud:overview,
 author = {{Qian, Ling; Luo, Zhiguo; Du, Yujian; Guo, Leitao}},
 title = {Cloud Computing: An Overview},
 booktitle = {Cloud Computing - First International Conference, CloudCom 2009},
 year = {2009},
 month = {Dezember},
 pages = {626--631},
 location = {Beijing, China},
 publisher = {Springer}
}

@article{response:miller,
  author = {Miller, Robert B.},
  title = {Response time in man-computer conversational transactions.},
  journal = {Proceedings of the AFIPS Fall Joint Computer Conference},
  volume = {33},
  year = {1968},
  pages = {267--277}
}

@book{nielsen:response,
  author={Nielsen, Jakob},
  title={Usability Engineering (Interactive Technologies)},
  publisher={Morgan Kaufmann},
  year = {1993},
  month = {November}
}

@book{ajax:book,
 author = {Raymond, Scott},
 title = {Ajax on Rails},
 year = {2007},
 publisher = {O'Reilly Media, Inc.}
}


